<record><leader>00000cas a22000007a 4500</leader><controlfield tag="001">11378678</controlfield><controlfield tag="008">841113d19051996inudn ne      0    0eng d</controlfield><datafield ind1=" " ind2=" " tag="010"><subfield code="a">sn 84045477 </subfield></datafield><datafield ind1=" " ind2=" " tag="040"><subfield code="a">NPI</subfield><subfield code="b">eng</subfield><subfield code="c">NPI</subfield><subfield code="d">IUL</subfield><subfield code="d">NPI</subfield><subfield code="d">OCLCQ</subfield><subfield code="d">OCLCF</subfield><subfield code="d">OCLCO</subfield><subfield code="d">IUL</subfield><subfield code="d">OCL</subfield></datafield><datafield ind1=" " ind2=" " tag="042"><subfield code="a">msc</subfield></datafield><datafield ind1=" " ind2=" " tag="043"><subfield code="a">n-us-in</subfield></datafield><datafield ind1="0" ind2="0" tag="245"><subfield code="a">Muncie evening press.</subfield></datafield><datafield ind1=" " ind2=" " tag="260"><subfield code="a">Muncie, Ind. :</subfield><subfield code="b">Press Pub. Co.,</subfield><subfield code="c">1905-1996.</subfield></datafield><datafield ind1=" " ind2=" " tag="300"><subfield code="a">92 v. :</subfield><subfield code="b">ill. ;</subfield><subfield code="c">57 cm.</subfield></datafield><datafield ind1=" " ind2=" " tag="310"><subfield code="a">Daily (except Sun.)</subfield></datafield><datafield ind1="0" ind2=" " tag="362"><subfield code="a">Vol. 1, no. 1 (Mar. 27, 1905)-v. 92, no. 46 (May 18, 1996).</subfield></datafield><datafield ind1=" " ind2=" " tag="580"><subfield code="a">Also published in weekly eds. called: Muncie weekly times; and: Muncie weekly herald.</subfield></datafield><datafield ind1=" " ind2="0" tag="651"><subfield code="a">Muncie (Ind.)</subfield><subfield code="v">Newspapers.</subfield></datafield><datafield ind1=" " ind2="0" tag="651"><subfield code="a">Delaware County (Ind.)</subfield><subfield code="v">Newspapers.</subfield></datafield><datafield ind1=" " ind2="7" tag="651"><subfield code="a">Indiana</subfield><subfield code="z">Delaware County.</subfield><subfield code="2">fast</subfield><subfield code="0">(OCoLC)fst01211948</subfield></datafield><datafield ind1=" " ind2="7" tag="651"><subfield code="a">Indiana</subfield><subfield code="z">Muncie.</subfield><subfield code="2">fast</subfield><subfield code="0">(OCoLC)fst01206131</subfield></datafield><datafield ind1=" " ind2="7" tag="655"><subfield code="a">Newspapers.</subfield><subfield code="2">fast</subfield><subfield code="0">(OCoLC)fst01423814</subfield></datafield><datafield ind1=" " ind2=" " tag="752"><subfield code="a">United States</subfield><subfield code="b">Indiana</subfield><subfield code="c">Delaware</subfield><subfield code="d">Muncie.</subfield></datafield><datafield ind1="1" ind2=" " tag="775"><subfield code="t">Muncie weekly times</subfield><subfield code="w">(DLC)sn 84037961</subfield><subfield code="w">(OCoLC)11166657</subfield></datafield><datafield ind1="1" ind2=" " tag="775"><subfield code="t">Muncie weekly herald</subfield><subfield code="w">(DLC)sn 86058720</subfield><subfield code="w">(OCoLC)13994843</subfield></datafield><datafield ind1="0" ind2="4" tag="780"><subfield code="t">Evening times (Muncie, Ind.)</subfield><subfield code="w">(DLC)sn 87056657</subfield><subfield code="w">(OCoLC)16700368</subfield></datafield><datafield ind1="0" ind2="4" tag="780"><subfield code="t">Muncie daily herald</subfield><subfield code="w">(DLC)sn 87056843</subfield><subfield code="w">(OCoLC)17154465</subfield></datafield><datafield ind1="1" ind2=" " tag="029"><subfield code="a">AU@</subfield><subfield code="b">000020375646</subfield></datafield></record>